@article{Chowell,
  title={Mathematical models to characterize early epidemic growth: A review},
  author={Chowell, Gerardo and Sattenspiel, Lisa and Bansal, Shweta and Viboud, C{\'e}cile},
  journal={Physics of life reviews},
  volume={18},
  pages={66--97},
  year={2016},
  publisher={Elsevier}
}

@article{Gillespie,
  title={Stochastic simulation of chemical kinetics},
  author={Gillespie, Daniel T},
  journal={Annu. Rev. Phys. Chem.},
  volume={58},
  pages={35--55},
  year={2007},
  publisher={Annual Reviews}
}

@article{Satorras,
  title={Epidemic processes in complex networks},
  author={Pastor-Satorras, Romualdo and Castellano, Claudio and Van Mieghem, Piet and Vespignani, Alessandro},
  journal={Reviews of modern physics},
  volume={87},
  number={3},
  pages={925},
  year={2015},
  publisher={APS}
}

@misc{McKane,
  title={Stochastic Processes.},
  author={McKane, Alan J},
  year={2009}
}

@book{Toral,
  title={Stochastic numerical methods: an introduction for students and scientists},
  author={Toral, Ra{\'u}l and Colet, Pere},
  year={2014},
  publisher={John Wiley \& Sons}
}


@book{McKinney,
  title={Python for data analysis: Data wrangling with Pandas, NumPy, and IPython},
  author={McKinney, Wes},
  year={2012},
  publisher={``'' O'Reilly Media, Inc."}
}

@book{VanderPlas,
  title={Python data science handbook: Essential tools for working with data},
  author={VanderPlas, Jake},
  year={2016},
  publisher={'' O'Reilly Media, Inc."}
}


@article{park1988random,
  title={Random number generators: good ones are hard to find},
  author={Park, Stephen K. and Miller, Keith W.},
  journal={Communications of the ACM},
  volume={31},
  number={10},
  pages={1192--1201},
  year={1988},
  publisher={ACM New York, NY, USA}
}

@article{castaneda2020principales,
  title={Principales pandemias en la historia de la humanidad},
  author={Casta{\~n}eda Gullot, Carlos and Ramos Serpa, Gerardo},
  journal={Revista cubana de Pediatr{\'\i}a},
  volume={92},
  year={2020},
  publisher={1999, Editorial Ciencias M{\'e}dicas}
}

@article{kroese2014monte,
  title={Why the Monte Carlo method is so important today},
  author={Kroese, Dirk P and Brereton, Tim and Taimre, Thomas and Botev, Zdravko I},
  journal={Wiley Interdisciplinary Reviews: Computational Statistics},
  volume={6},
  number={6},
  pages={386--392},
  year={2014},
  publisher={Wiley Online Library}
}

@article{castellano2009statistical,
  title={Statistical physics of social dynamics},
  author={Castellano, Claudio and Fortunato, Santo and Loreto, Vittorio},
  journal={Reviews of modern physics},
  volume={81},
  number={2},
  pages={591},
  year={2009},
  publisher={APS}
}

@article{azaele2016statistical,
  title={Statistical mechanics of ecological systems: Neutral theory and beyond},
  author={Azaele, Sandro and Suweis, Samir and Grilli, Jacopo and Volkov, Igor and Banavar, Jayanth R and Maritan, Amos},
  journal={Reviews of Modern Physics},
  volume={88},
  number={3},
  pages={035003},
  year={2016},
  publisher={APS}
}

@article{github,
  author          = {Rizel Scarlett},
  title           = {Why Python keeps growing, explained},
  year            = {2023},
  url             = {https://github.blog/2023-03-02-why-python-keeps-growing-explained},
}